<?xml version="1.0" encoding="UTF-8"?><collection><record><leader>03009ntm a2200409 a 4500</leader><controlfield tag="001">002641683</controlfield><controlfield tag="003">MiAaHDL</controlfield><controlfield tag="005">20190719000000.0</controlfield><controlfield tag="006">m        d        </controlfield><controlfield tag="007">cr bn ---auaua</controlfield><controlfield tag="008">930712s1695    xx            00||  ara d</controlfield><datafield tag="035" ind1=" " ind2=" "><subfield code="a">(MiU)002641683</subfield></datafield><datafield tag="035" ind1=" " ind2=" "><subfield code="a">sdr-miu002641683</subfield></datafield><datafield tag="035" ind1=" " ind2=" "><subfield code="a">(OCoLC)34366497</subfield></datafield><datafield tag="035" ind1=" " ind2=" "><subfield code="a">(RLIN)MIUH93-A153</subfield></datafield><datafield tag="040" ind1=" " ind2=" "><subfield code="a">MiU</subfield><subfield code="c">MiU</subfield><subfield code="e">appm</subfield><subfield code="d">MiU</subfield></datafield><datafield tag="100" ind1="1" ind2=" "><subfield code="6">880-01</subfield><subfield code="a">Maqdisī, ʻAbd Allāh ibn Aḥmad,</subfield><subfield code="d">fl. ca. 1669.</subfield></datafield><datafield tag="245" ind1="1" ind2="0"><subfield code="6">880-02</subfield><subfield code="a">Itḥāf dhawī al-albāb fī dhawāt al-adhnāb :</subfield><subfield code="k">manuscript,</subfield><subfield code="f">[1695] /</subfield><subfield code="c">taʾlīf sayyidinā wa-mawlānā al-shaykh al-fāḍil wa-al-ʻallāmah al-kāmil al-muḥaqqiq al-mudaqqiq farīd dahrihi wa-waḥīd ʻaṣrihi al-shaykh ʻAbd Allāh al-Maqdisī al-Ḥanbali.</subfield></datafield><datafield tag="300" ind1=" " ind2=" "><subfield code="a">1</subfield><subfield code="f">v. ([149] p.) :</subfield><subfield code="b">ill. ;</subfield><subfield code="c">19 cm.</subfield></datafield><datafield tag="500" ind1=" " ind2=" "><subfield code="a">Watermark: Crown surmounted by 6-pointed star and crescent. See Edward Heawood, Watermarks, Mainly of the 17th and 18th Centuries (Hilversum, 1950), no. 1132.</subfield></datafield><datafield tag="500" ind1=" " ind2=" "><subfield code="a">Contains illustrations of types of comets.</subfield></datafield><datafield tag="500" ind1=" " ind2=" "><subfield code="a">Title and text rubricated and enclosed in red borders; illumination in color and gold leaf on p. [3]; text partially vocalized.</subfield></datafield><datafield tag="500" ind1=" " ind2=" "><subfield code="a">Date and name of copyist in colophon: taḥrīran fī thāmin Rabʻ̄ al-thānī sanat 1107 [i.e. 16 November 1695] ʻalá yad muʾallifihā al-ʻabd al-faqīr ʻAbd Allāh al-Maqdisī al-Ḥanbalī.</subfield></datafield><datafield tag="500" ind1=" " ind2=" "><subfield code="a">Pp. [3-23]. Bound with: [2] Bahāʾ al-Dīn Muḥammad ibn al-Ḥusayn al-ʻĀmilī, Khulāṣat al-ḥisāb, pp. [26-88]; [3] Qusṭā ibn Lūqā, Kitāb al-ʻamal bi-al-kurah al-falakīyah, pp. [89-149].</subfield></datafield><datafield tag="520" ind1="8" ind2=" "><subfield code="a">"It does not seem to be the same as his Tuḥfat al-albāb fī bayān ḥukm [dhawāt] al-adhnāb (for which see [Mich. Isl. Ms. 688])." Cataloging by Elinor M. Husselman, 1945.</subfield></datafield><datafield tag="520" ind1=" " ind2=" "><subfield code="a">A treatise on the astrological significance of various kinds of comets and pseudocomets.</subfield></datafield><datafield tag="538" ind1=" " ind2=" "><subfield code="a">Mode of access: Internet.</subfield></datafield><datafield tag="541" ind1=" " ind2=" "><subfield code="d">07/--/36</subfield><subfield code="3">Manuscript</subfield><subfield code="a">McGregor Fund</subfield><subfield code="c">Purchase, 1933/34</subfield><subfield code="h">10 p.t.</subfield></datafield><datafield tag="545" ind1=" " ind2=" "><subfield code="a">Egyptian (?) astronomer.</subfield></datafield><datafield tag="561" ind1=" " ind2=" "><subfield code="a">Purchased in Cairo, 1933/34. Owner's mark: inside cover and on p. [89], manuscript notes in handwriting of Max Meyerhof.</subfield></datafield><datafield tag="650" ind1=" " ind2="0"><subfield code="a">Astrology, Arab</subfield><subfield code="y">Early works to 1800.</subfield></datafield><datafield tag="650" ind1=" " ind2="0"><subfield code="a">Astronomy, Arab</subfield><subfield code="y">Early works to 1800.</subfield></datafield><datafield tag="650" ind1=" " ind2="0"><subfield code="a">Comets</subfield><subfield code="y">Early works to 1800.</subfield></datafield><datafield tag="650" ind1=" " ind2="0"><subfield code="a">Manuscripts, Arabic</subfield><subfield code="z">Michigan</subfield><subfield code="z">Ann Arbor.</subfield></datafield><datafield tag="700" ind1="1" ind2=" "><subfield code="a">Meyerhof, Max,</subfield><subfield code="d">1874-1945,</subfield><subfield code="e">former owner.</subfield></datafield><datafield tag="773" ind1="0" ind2=" "><subfield code="7">unbc</subfield><subfield code="a">Tracy W. McGregor Collection of Arabic, Persian, and Turkish Mathematical and Astronomical Manuscripts.</subfield><subfield code="w">(CStRLIN)MIUH92-A20.</subfield></datafield><datafield tag="880" ind1="1" ind2="0"><subfield code="6">245-02/</subfield><subfield code="a">إتحاف ذوي الألباب في ذوات الأذناب :</subfield><subfield code="k">manuscript,</subfield><subfield code="f">[1695] /</subfield><subfield code="c">تأليف سيدنا ومولانا الشيخ الفاضل والعلامة الكامل المحقق المدقق فريد دهره ووحيد عصره الشيخ عبد الله المقدسي الحنبلي.</subfield></datafield><datafield tag="880" ind1="0" ind2=" "><subfield code="6">100-01/</subfield><subfield code="a">عبد الله بن أحمد المقدسي.</subfield></datafield><datafield tag="CID" ind1=" " ind2=" "><subfield code="a">002641683</subfield></datafield><datafield tag="DAT" ind1="0" ind2=" "><subfield code="a">20190719102632.0</subfield><subfield code="b">20190719000000.0</subfield></datafield><datafield tag="DAT" ind1="1" ind2=" "><subfield code="a">20190719090653.0</subfield><subfield code="b">2019-07-19T16:10:49Z</subfield></datafield><datafield tag="DAT" ind1="2" ind2=" "><subfield code="a">2015-10-02T18:00:03Z</subfield></datafield><datafield tag="CAT" ind1=" " ind2=" "><subfield code="a">SDR-MIU</subfield><subfield code="d">EX LIBRIS - ALEPH</subfield><subfield code="l">prepare.pl-004-008</subfield></datafield><datafield tag="FMT" ind1=" " ind2=" "><subfield code="a">BK</subfield></datafield><datafield tag="HOL" ind1=" " ind2=" "><subfield code="0">sdr-miu002641683</subfield><subfield code="a">MiU</subfield><subfield code="b">SDR</subfield><subfield code="c">MIU</subfield><subfield code="p">mdp.39015078570390</subfield><subfield code="s">MIU</subfield><subfield code="1">002641683</subfield></datafield><datafield tag="974" ind1=" " ind2=" "><subfield code="b">MIU</subfield><subfield code="c">MIU</subfield><subfield code="d">20190719</subfield><subfield code="s">lit-dlps-dc</subfield><subfield code="u">mdp.39015078570390</subfield><subfield code="y">1695</subfield><subfield code="r">pd</subfield><subfield code="q">bib</subfield><subfield code="t">non-US bib date1 &lt; 1896</subfield></datafield></record></collection>